<?xml version="1.0" encoding="UTF-8"?>
<Document
        xmlns="urn:iso:std:iso:20022:tech:xsd:camt.053.001.02"
        xmlns:xsi="http://www.w3.org/2001/XMLSchema-instance" xsi:schemaLocation="urn:iso:std:iso:20022:tech:xsd:camt.053.001.02 camt.053.001.02.xsd">
    <BkToCstmrStmt>
        <GrpHdr>
            <MsgId>MsgIDTest</MsgId>
            <CreDtTm>2017-09-13T21:17:52.481+01:00</CreDtTm>
            <MsgPgntn>
                <PgNb>1</PgNb>
                <LastPgInd>true</LastPgInd>
            </MsgPgntn>
        </GrpHdr>
        <Stmt>
            <Id>MsgIDTest</Id>
            <ElctrncSeqNb>3</ElctrncSeqNb>
            <CreDtTm>2017-09-13T21:09:31+01:00</CreDtTm>
            <Acct>
                <Id>
                    <IBAN>IBAN001</IBAN>
                </Id>
                <Ccy>EUR</Ccy>
                <Svcr>
                    <FinInstnId>
                        <BIC>HSHNDEHH</BIC>
                        <Nm>HSH  AG</Nm>
                        <Othr>
                            <Id>DE813725193</Id>
                            <Issr>UmsStId</Issr>
                        </Othr>
                    </FinInstnId>
                </Svcr>
            </Acct>
            <Bal>
                <Tp>
                    <CdOrPrtry>
                        <Cd>PRCD</Cd>
                    </CdOrPrtry>
                </Tp>
                <Amt Ccy="EUR">99999965.78</Amt>
                <CdtDbtInd>CRDT</CdtDbtInd>
                <Dt>
                    <Dt>2017-08-31</Dt>
                </Dt>
            </Bal>
            <Bal>
                <Tp>
                    <CdOrPrtry>
                        <Cd>CLBD</Cd>
                    </CdOrPrtry>
                </Tp>
                <Amt Ccy="EUR">98999939.61</Amt>
                <CdtDbtInd>CRDT</CdtDbtInd>
                <Dt>
                    <Dt>2017-09-13</Dt>
                </Dt>
            </Bal>
            <Ntry>
                <NtryRef>56D01C7F4ECA1ED7A68FC5AE896451AA</NtryRef>
                <Amt Ccy="EUR">1001028.17</Amt>
                <CdtDbtInd>DBIT</CdtDbtInd>
                <RvslInd>false</RvslInd>
                <Sts>BOOK</Sts>
                <BookgDt>
                    <Dt>2017-09-13</Dt>
                </BookgDt>
                <ValDt>
                    <Dt>2017-09-11</Dt>
                </ValDt>
                <AcctSvcrRef>THSH70912AA00</AcctSvcrRef>
                <BkTxCd>
                    <Prtry>
                        <Cd>NTRF+201+45100+888</Cd>
                        <Issr>DK</Issr>
                    </Prtry>
                </BkTxCd>
                <NtryDtls>
                    <TxDtls>
                        <Refs>
                            <MsgId>0000000000132934</MsgId>
                            <AcctSvcrRef>THSH</AcctSvcrRef>
                            <PmtInfId>56D01C7F4ECA1ED7A68FC5AE896451AA</PmtInfId>
                            <InstrId>0000000000132934</InstrId>
                        </Refs>
                        <AmtDtls>
                            <TxAmt>
                                <Amt Ccy="EUR">1001028.17</Amt>
                            </TxAmt>
                        </AmtDtls>
                        <BkTxCd>
                            <Prtry>
                                <Cd>NTRF+201+45100+888</Cd>
                                <Issr>DK</Issr>
                            </Prtry>
                        </BkTxCd>
                        <RltdPties>
                            <Cdtr>
                                <Nm>TILMAR HANSEN         TIESSENKAI</Nm>
                            </Cdtr>
                        </RltdPties>
                        <RltdAgts>
                            <DbtrAgt>
                                <FinInstnId>
                                    <BIC>HSHNDEHH</BIC>
                                </FinInstnId>
                            </DbtrAgt>
                        </RltdAgts>
                        <RmtInf>
                            <Ustrd>TestTestTest</Ustrd>
                        </RmtInf>
                    </TxDtls>
                </NtryDtls>
                <AddtlNtryInf>ZAHLUNG BANK-AN-BANK</AddtlNtryInf>
            </Ntry>
            <Ntry>
                <NtryRef>56D01C7F4E0000000000000000</NtryRef>
                <Amt Ccy="EUR">1002.00</Amt>
                <CdtDbtInd>CRDT</CdtDbtInd>
                <RvslInd>false</RvslInd>
                <Sts>BOOK</Sts>
                <BookgDt>
                    <Dt>2017-09-13</Dt>
                </BookgDt>
                <ValDt>
                    <Dt>2017-09-11</Dt>
                </ValDt>
                <AcctSvcrRef>0000000</AcctSvcrRef>
                <BkTxCd>
                    <Prtry>
                        <Cd>NTRF+211+45100+888</Cd>
                        <Issr>DK</Issr>
                    </Prtry>
                </BkTxCd>
                <NtryDtls>
                    <TxDtls>
                        <Refs>
                            <AcctSvcrRef>0000000</AcctSvcrRef>
                            <PmtInfId>56D01C7F4ECA1ED7A690224702005199</PmtInfId>
                        </Refs>
                        <AmtDtls>
                            <TxAmt>
                                <Amt Ccy="EUR">1002.00</Amt>
                            </TxAmt>
                        </AmtDtls>
                        <BkTxCd>
                            <Prtry>
                                <Cd>NTRF+211+45100+888</Cd>
                                <Issr>DK</Issr>
                            </Prtry>
                        </BkTxCd>
                        <RltdPties>
                            <Dbtr>
                                <Nm>SCHOELLER </Nm>
                            </Dbtr>
                            <DbtrAcct>
                                <Id>
                                    <Othr>
                                        <Id>22222222222222222222</Id>
                                        <SchmeNm>
                                            <Cd>BBAN</Cd>
                                        </SchmeNm>
                                    </Othr>
                                </Id>
                            </DbtrAcct>
                        </RltdPties>
                        <RltdAgts>
                            <CdtrAgt>
                                <FinInstnId>
                                    <BIC>BIC</BIC>
                                </FinInstnId>
                            </CdtrAgt>
                        </RltdAgts>
                        <RmtInf>
                            <Ustrd>1111111111111111111111111111111111111</Ustrd>
                        </RmtInf>
                    </TxDtls>
                </NtryDtls>
                <AddtlNtryInf>TEST</AddtlNtryInf>
            </Ntry>
        </Stmt>
        <Stmt>
            <Id>MsgIDTest1</Id>
            <ElctrncSeqNb>3</ElctrncSeqNb>
            <CreDtTm>2017-09-13T21:09:31+01:00</CreDtTm>
            <Acct>
                <Id>
                    <IBAN>IBAN002</IBAN>
                </Id>
                <Ccy>EUR</Ccy>
                <Svcr>
                    <FinInstnId>
                        <BIC>HSHNDEHH</BIC>
                        <Nm>HSH  AG</Nm>
                        <Othr>
                            <Id>DE813725193</Id>
                            <Issr>UmsStId</Issr>
                        </Othr>
                    </FinInstnId>
                </Svcr>
            </Acct>
            <Bal>
                <Tp>
                    <CdOrPrtry>
                        <Cd>PRCD1</Cd>
                    </CdOrPrtry>
                </Tp>
                <Amt Ccy="EUR">99999965.78</Amt>
                <CdtDbtInd>CRDT</CdtDbtInd>
                <Dt>
                    <Dt>2018-08-31</Dt>
                </Dt>
            </Bal>
            <Bal>
                <Tp>
                    <CdOrPrtry>
                        <Cd>CLBD1</Cd>
                    </CdOrPrtry>
                </Tp>
                <Amt Ccy="EUR">98999939.61</Amt>
                <CdtDbtInd>CRDT</CdtDbtInd>
                <Dt>
                    <Dt>2018-09-13</Dt>
                </Dt>
            </Bal>
            <Ntry>
                <NtryRef>56D01C7F4ECA1ED7A68FC5AE896451AA</NtryRef>
                <Amt Ccy="EUR">1051028.17</Amt>
                <CdtDbtInd>DBIT</CdtDbtInd>
                <RvslInd>false</RvslInd>
                <Sts>BOOK</Sts>
                <BookgDt>
                    <Dt>2017-08-13</Dt>
                </BookgDt>
                <ValDt>
                    <Dt>2017-08-11</Dt>
                </ValDt>
                <AcctSvcrRef>THSH70915AA00</AcctSvcrRef>
                <BkTxCd>
                    <Prtry>
                        <Cd>NTRF+201+45100+888</Cd>
                        <Issr>DK</Issr>
                    </Prtry>
                </BkTxCd>
                <NtryDtls>
                    <TxDtls>
                        <Refs>
                            <MsgId>0000000000132934</MsgId>
                            <AcctSvcrRef>THSH</AcctSvcrRef>
                            <PmtInfId>56D01C7F4ECA1ED7A68FC5AE896451AA</PmtInfId>
                            <InstrId>0000000000132934</InstrId>
                        </Refs>
                        <AmtDtls>
                            <TxAmt>
                                <Amt Ccy="EUR">1001028.17</Amt>
                            </TxAmt>
                        </AmtDtls>
                        <BkTxCd>
                            <Prtry>
                                <Cd>NTRF+201+45100+888</Cd>
                                <Issr>DK</Issr>
                            </Prtry>
                        </BkTxCd>
                        <RltdPties>
                            <Cdtr>
                                <Nm>TILMAR HANSEN         TIESSENKAI</Nm>
                            </Cdtr>
                        </RltdPties>
                        <RltdAgts>
                            <DbtrAgt>
                                <FinInstnId>
                                    <BIC>HSHNDEHH</BIC>
                                </FinInstnId>
                            </DbtrAgt>
                        </RltdAgts>
                        <RmtInf>
                            <Ustrd>TestTestTest</Ustrd>
                        </RmtInf>
                    </TxDtls>
                </NtryDtls>
                <AddtlNtryInf>ZAHLUNG BANK-AN-BANK</AddtlNtryInf>
            </Ntry>
            <Ntry>
                <NtryRef>56D01C7F4E0000000000000000</NtryRef>
                <Amt Ccy="EUR">1002.00</Amt>
                <CdtDbtInd>CRDT</CdtDbtInd>
                <RvslInd>false</RvslInd>
                <Sts>BOOK</Sts>
                <BookgDt>
                    <Dt>2017-09-13</Dt>
                </BookgDt>
                <ValDt>
                    <Dt>2017-09-11</Dt>
                </ValDt>
                <AcctSvcrRef>0000000</AcctSvcrRef>
                <BkTxCd>
                    <Prtry>
                        <Cd>NTRF+211+45100+888</Cd>
                        <Issr>DK</Issr>
                    </Prtry>
                </BkTxCd>
                <NtryDtls>
                    <TxDtls>
                        <Refs>
                            <AcctSvcrRef>0000000</AcctSvcrRef>
                            <PmtInfId>56D01C7F4ECA1ED7A690224702005199</PmtInfId>
                        </Refs>
                        <AmtDtls>
                            <TxAmt>
                                <Amt Ccy="EUR">1002.00</Amt>
                            </TxAmt>
                        </AmtDtls>
                        <BkTxCd>
                            <Prtry>
                                <Cd>NTRF+211+45100+888</Cd>
                                <Issr>DK</Issr>
                            </Prtry>
                        </BkTxCd>
                        <RltdPties>
                            <Dbtr>
                                <Nm>SCHOELLER </Nm>
                            </Dbtr>
                            <DbtrAcct>
                                <Id>
                                    <Othr>
                                        <Id>22222222222222222222</Id>
                                        <SchmeNm>
                                            <Cd>BBAN</Cd>
                                        </SchmeNm>
                                    </Othr>
                                </Id>
                            </DbtrAcct>
                        </RltdPties>
                        <RltdAgts>
                            <CdtrAgt>
                                <FinInstnId>
                                    <BIC>BIC</BIC>
                                </FinInstnId>
                            </CdtrAgt>
                        </RltdAgts>
                        <RmtInf>
                            <Ustrd>1111111111111111111111111111111111111</Ustrd>
                        </RmtInf>
                    </TxDtls>
                </NtryDtls>
                <AddtlNtryInf>TEST</AddtlNtryInf>
            </Ntry>
        </Stmt>
        <Stmt>
            <Id>MsgIDTest3</Id>
            <ElctrncSeqNb>3</ElctrncSeqNb>
            <CreDtTm>2017-09-13T21:09:31+01:00</CreDtTm>
            <Acct>
                <Id>
                    <IBAN>IBAN003</IBAN>
                </Id>
                <Ccy>EUR</Ccy>
                <Svcr>
                    <FinInstnId>
                        <BIC>HSHNDEHH</BIC>
                        <Nm>HSH  AG</Nm>
                        <Othr>
                            <Id>DE813725193</Id>
                            <Issr>UmsStId</Issr>
                        </Othr>
                    </FinInstnId>
                </Svcr>
            </Acct>
            <Bal>
                <Tp>
                    <CdOrPrtry>
                        <Cd>PRCD3</Cd>
                    </CdOrPrtry>
                </Tp>
                <Amt Ccy="EUR">99999965.78</Amt>
                <CdtDbtInd>CRDT</CdtDbtInd>
                <Dt>
                    <Dt>2019-08-31</Dt>
                </Dt>
            </Bal>
            <Bal>
                <Tp>
                    <CdOrPrtry>
                        <Cd>CLBD3</Cd>
                    </CdOrPrtry>
                </Tp>
                <Amt Ccy="EUR">98999939.61</Amt>
                <CdtDbtInd>CRDT</CdtDbtInd>
                <Dt>
                    <Dt>2019-09-13</Dt>
                </Dt>
            </Bal>
            <Ntry>
                <NtryRef>56D01C7F4ECA1ED7A68FC5AE896451AA</NtryRef>
                <Amt Ccy="EUR">1001028.17</Amt>
                <CdtDbtInd>DBIT</CdtDbtInd>
                <RvslInd>false</RvslInd>
                <Sts>BOOK</Sts>
                <BookgDt>
                    <Dt>2019-09-13</Dt>
                </BookgDt>
                <ValDt>
                    <Dt>2019-09-11</Dt>
                </ValDt>
                <AcctSvcrRef>THSH70912AA00</AcctSvcrRef>
                <BkTxCd>
                    <Prtry>
                        <Cd>NTRF+201+45100+888</Cd>
                        <Issr>DK</Issr>
                    </Prtry>
                </BkTxCd>
                <NtryDtls>
                    <TxDtls>
                        <Refs>
                            <MsgId>0000000000132934</MsgId>
                            <AcctSvcrRef>THSH</AcctSvcrRef>
                            <PmtInfId>56D01C7F4ECA1ED7A68FC5AE896451AA</PmtInfId>
                            <InstrId>0000000000132934</InstrId>
                        </Refs>
                        <AmtDtls>
                            <TxAmt>
                                <Amt Ccy="EUR">1001028.17</Amt>
                            </TxAmt>
                        </AmtDtls>
                        <BkTxCd>
                            <Prtry>
                                <Cd>NTRF+201+45100+888</Cd>
                                <Issr>DK</Issr>
                            </Prtry>
                        </BkTxCd>
                        <RltdPties>
                            <Cdtr>
                                <Nm>TILMAR HANSEN         TIESSENKAI</Nm>
                            </Cdtr>
                        </RltdPties>
                        <RltdAgts>
                            <DbtrAgt>
                                <FinInstnId>
                                    <BIC>HSHNDEHH</BIC>
                                </FinInstnId>
                            </DbtrAgt>
                        </RltdAgts>
                        <RmtInf>
                            <Ustrd>TestTestTest</Ustrd>
                        </RmtInf>
                    </TxDtls>
                </NtryDtls>
                <AddtlNtryInf>ZAHLUNG BANK-AN-BANK</AddtlNtryInf>
            </Ntry>
            <Ntry>
                <NtryRef>56D01C7F4E0000000000000000</NtryRef>
                <Amt Ccy="EUR">1002.00</Amt>
                <CdtDbtInd>CRDT</CdtDbtInd>
                <RvslInd>false</RvslInd>
                <Sts>BOOK</Sts>
                <BookgDt>
                    <Dt>2019-09-13</Dt>
                </BookgDt>
                <ValDt>
                    <Dt>2019-09-11</Dt>
                </ValDt>
                <AcctSvcrRef>0000000</AcctSvcrRef>
                <BkTxCd>
                    <Prtry>
                        <Cd>NTRF+211+45100+888</Cd>
                        <Issr>DK</Issr>
                    </Prtry>
                </BkTxCd>
                <NtryDtls>
                    <TxDtls>
                        <Refs>
                            <AcctSvcrRef>0000000</AcctSvcrRef>
                            <PmtInfId>56D01C7F4ECA1ED7A690224702005199</PmtInfId>
                        </Refs>
                        <AmtDtls>
                            <TxAmt>
                                <Amt Ccy="EUR">1002.00</Amt>
                            </TxAmt>
                        </AmtDtls>
                        <BkTxCd>
                            <Prtry>
                                <Cd>NTRF+211+45100+888</Cd>
                                <Issr>DK</Issr>
                            </Prtry>
                        </BkTxCd>
                        <RltdPties>
                            <Dbtr>
                                <Nm>SCHOELLER </Nm>
                            </Dbtr>
                            <DbtrAcct>
                                <Id>
                                    <Othr>
                                        <Id>22222222222222222223</Id>
                                        <SchmeNm>
                                            <Cd>BBAN</Cd>
                                        </SchmeNm>
                                    </Othr>
                                </Id>
                            </DbtrAcct>
                        </RltdPties>
                        <RltdAgts>
                            <CdtrAgt>
                                <FinInstnId>
                                    <BIC>BIC</BIC>
                                </FinInstnId>
                            </CdtrAgt>
                        </RltdAgts>
                        <RmtInf>
                            <Ustrd>1111111111111111111111111111111111112</Ustrd>
                        </RmtInf>
                    </TxDtls>
                </NtryDtls>
                <AddtlNtryInf>TEST</AddtlNtryInf>
            </Ntry>
        </Stmt>
    </BkToCstmrStmt>
</Document>
